@book{lamport1994latex,
  title={Weather Trends by udacity},
  author={Raunak},
  year={2017},
 }
 
@website{edf./climate/how-climate-change-plunders-planet,
 title= {How climate change plunders planet},
 author={EDF},
 year={2017},
}


